<?xml version="1.0" encoding="UTF-8"?><record xmlns="http://www.loc.gov/MARC21/slim" xmlns:cinclude="http://apache.org/cocoon/include/1.0" xmlns:zs="http://www.loc.gov/zing/srw/">
  <leader>00469nz  a2200145n  4500</leader>
  <controlfield tag="001">no2004038634</controlfield>
  <controlfield tag="003">DLC</controlfield>
  <controlfield tag="005">20040423051830.0</controlfield>
  <controlfield tag="008">040422n| acannaab           |a aaa     c</controlfield>
  <datafield tag="010" ind1=" " ind2=" ">
    <subfield code="a">no2004038634</subfield>
  </datafield>
  <datafield tag="035" ind1=" " ind2=" ">
    <subfield code="a">(OCoLC)oca06329565</subfield>
  </datafield>
  <datafield tag="040" ind1=" " ind2=" ">
    <subfield code="a">TxU</subfield>
    <subfield code="b">eng</subfield>
    <subfield code="c">TxU</subfield>
  </datafield>
  <datafield tag="100" ind1="1" ind2=" ">
    <subfield code="a">Velásquez Obregón, Alma Verónica</subfield>
  </datafield>
  <datafield tag="400" ind1="1" ind2=" ">
    <subfield code="a">Obregón, Alma Verónica Velásquez</subfield>
  </datafield>
  <datafield tag="670" ind1=" " ind2=" ">
    <subfield code="a">Las relaciones internacionales de Guatemala ... 1987:</subfield>
    <subfield code="b">t.p. (Alma Verónica Velásquez Obregón)</subfield>
  </datafield>
</record>